% To jest TESTOWA i NIEPRAWDZIWA bibliografia Bogus/lawa Licho/nskiego
% This is a simple test file
% Bogus{\l}aw Licho\'nski. Public domain.

@mastersthesis{test,
   title = "PL polska implementacja niczego",
   author = "Bogus/law Licho/nski and Roman Piba",
   institution = "GWO",
   school = "UG",
   note = "Dokumentacja dla u/zytkownik/ow i programist/ow",
   day = 22,
   month = sep,
   year = 1997 }


