% Encoding: UTF-8

@index{dzsoker,
  name={dzsóker},
  category={word},
  description={joker (Hungarian)}
}

@index{czesc,
  name={cześć},
  category={word},
  description={hello (Polish)}
}

@index{elite,
  name={élite},
  category={word},
  description={group of people regarded as
the best of a particular society or organisation}
}

@index{aesthetic,
  name={æsthetic},
  category={word},
  description={concerning beauty}
}

@index{oesophagus,
  name={œsophagus},
  category={word},
  description={part of the alimentary canal}
}

@index{blase,
  name={blasé},
  category={word},
  description={unimpressed or indifferent due to familiarity}
}

@index{protege,
  name={protégé},
  category={word},
  description={person guided by an older more experienced person}
}

@index{clientele,
  name={clientèle},
  category={word},
  description={all the clients of a particular business}
}

@index{resumee,
  name={résumé},
  category={word},
  description={summary of something or curriculum vitae}
}

@index{soiree,
  name={soirée},
  category={word},
  description={an evening social gathering involving conversation or music}
}

@index{phoenix,
  name={phœnix},
  category={word},
  description={mythical bird that periodically burned itself and was reborn from the ashes}
}

@index{decor,
  name={décor},
  category={word},
  description={the furnishings and decorations of a room}
}

@index{faerie,
  name={færie},
  category={word},
  description={fairyland}
}

@index{facade,
  name={façade},
  category={word},
  description={the front face of a building}
}

@index{aethereal,
  name={æthereal},
  category={word},
  description={light, airy or tenuous}
}

@index{debutante,
  name={débutante},
  category={word},
  description={a young upper-class woman making her first appearance in society}
}

@index{naive,
  name={naïve},
  category={word},
  description={lacking experience or wisdom}
}

@index{foetid,
  name={fœtid},
  category={word},
  description={smelling very unpleasant}
}

@index{cliche,
  name={cliché},
  category={word},
  description={overused phrase or idea}
}

@index{deshabille,
  name={déshabillé},
  category={word},
  description={the state of being only partially clothed}
}

@index{negligee,
  name={négligée},
  category={word},
  description={a woman's very thin dressing gown}
}

@index{cafe,
  name={café},
  category={word},
  description={small restaurant that sells light meals}
}

@index{anaemic,
  name={anæmic},
  category={word},
  description={suffering from anaemia}
}

@index{thornletter,
  name={þ},
  category={word},
  see={thorn},
  description={thorn}
}

@index{thorn,
  name={thorn (þ)},
  category={word},
  description={Old English and Icelandic runic letter. In English, eventually replaced by the
digraph \tstidxqt{th}}
}

@index{ethletter,
  name={ð},
  category={word},
  see={eth},
  description={eth}
}

@index{eth,
  name={eth (ð)},
  category={word},
  description={Old English letter eventually
superseded by the digraph \tstidxqt{th}, but still in use in
some other languages}
}

@index{Ostergotland,
  name={Östergötland},
  category={place},
  description={a county in Sweden}
}

@index{places.Ostergotland,
  name={Östergötland},
  parent={places},
  category={place},
  description={a county in Sweden}
}

@index{Angelholm,
  name={Ängelholm},
  category={place},
  description={a place in Sweden}
}

@index{places.Angelholm,
  name={Ängelholm},
  parent={places},
  category={place},
  description={a place in Sweden}
}

@index{Oresund,
  name={Øresund},
  category={place},
  description={a strait which separates Denmark and Sweden}
}

@index{places.Oresund,
  name={Øresund},
  parent={places},
  category={place},
  description={a strait which separates Denmark and Sweden}
}

@index{Tarnby,
  name={Tårnby},
  category={place},
  description={a town in Denmark}
}

@index{places.Tarnby,
  name={Tårnby},
  parent={places},
  category={place},
  description={a town in Denmark}
}

@index{Rodovre,
  name={Rødovre},
  category={place},
  description={a Danish town}
}

@index{places.Rodovre,
  name={Rødovre},
  parent={places},
  category={place},
  description={a Danish town}
}

@index{Naestved,
  name={Næstved},
  category={place},
  description={a Danish town on the island of Zealand}
}

@index{places.Naestved,
  name={Næstved},
  parent={places},
  category={place},
  description={a Danish town on the island of Zealand}
}

@index{OlstykkeStenlose,
  name={Ølstykke-Stenløse},
  category={place},
  description={a Danish city in North Zealand}
}

@index{places.OlstykkeStenlose,
  name={Ølstykke-Stenløse},
  parent={places},
  category={place},
  description={a Danish city in North Zealand}
}

@index{Asslar,
  name={Aßlar},
  category={place},
  description={German town}
}

@index{places.Asslar,
  name={Aßlar},
  parent={places},
  category={place},
  description={German town}
}

@index{BadGottleubaBerggiesshubel,
  name={Bad Gottleuba-Berggießhübel},
  category={place},
  description={a town in the Free State of Saxony, Germany}
}

@index{places.BadGottleubaBerggiesshubel,
  name={Bad Gottleuba-Berggießhübel},
  parent={places},
  category={place},
  description={a town in the Free State of Saxony, Germany}
}

@index{Lodz,
  name={Łódź},
  category={place},
  description={Polish city}
}

@index{places.Lodz,
  name={Łódź},
  parent={places},
  category={place},
  description={Polish city}
}

@index{Swietokrzyskie,
  name={Świętokrzyskie},
  category={place},
  description={Polish province}
}

@index{places.Swietokrzyskie,
  name={Świętokrzyskie},
  parent={places},
  category={place},
  description={Polish province}
}

@index{Zory,
  name={Żory},
  category={place},
  description={Polish town and city county}
}

@index{places.Zory,
  name={Żory},
  parent={places},
  category={place},
  description={Polish town and city county}
}

@index{Zelechow,
  name={Żelechów},
  category={place},
  description={Polish town}
}

@index{places.Zelechow,
  name={Żelechów},
  parent={places},
  category={place},
  description={Polish town}
}

@index{Lobez,
  name={Łobez},
  category={place},
  description={Polish town}
}

@index{places.Lobez,
  name={Łobez},
  parent={places},
  category={place},
  description={Polish town}
}

@index{Glogow,
  name={Głogów},
  category={place},
  description={Polish town}
}

@index{places.Glogow,
  name={Głogów},
  parent={places},
  category={place},
  description={Polish town}
}

@index{Cmielow,
  name={Ćmielów},
  category={place},
  description={Polish town}
}

@index{places.Cmielow,
  name={Ćmielów},
  parent={places},
  category={place},
  description={Polish town}
}

@index{Scinawa,
  name={Ścinawa},
  category={place},
  description={Polish town}
}

@index{places.Scinawa,
  name={Ścinawa},
  parent={places},
  category={place},
  description={Polish town}
}

@index{Swidnica,
  name={Świdnica},
  category={place},
  description={Polish town}
}

@index{places.Swidnica,
  name={Świdnica},
  parent={places},
  category={place},
  description={Polish town}
}

@index{Olvesvatn,
  name={Ölvesvatn},
  category={place},
  description={Icelandic lake}
}

@index{places.Olvesvatn,
  name={Ölvesvatn},
  parent={places},
  category={place},
  description={Icelandic lake}
}

@index{Ulfsvatn,
  name={Úlfsvatn},
  category={place},
  description={Icelandic lake}
}

@index{places.Ulfsvatn,
  name={Úlfsvatn},
  parent={places},
  category={place},
  description={Icelandic lake}
}

@index{Anavatn,
  name={Ánavatn},
  category={place},
  description={Icelandic lake}
}

@index{places.Anavatn,
  name={Ánavatn},
  parent={places},
  category={place},
  description={Icelandic lake}
}

@index{Masvatn,
  name={Másvatn},
  category={place},
  description={Icelandic lake}
}

@index{places.Masvatn,
  name={Másvatn},
  parent={places},
  category={place},
  description={Icelandic lake}
}

@index{Thrihyrningsvatn,
  name={Þríhyrningsvatn},
  category={place},
  description={Icelandic lake}
}

@index{places.Thrihyrningsvatn,
  name={Þríhyrningsvatn},
  parent={places},
  category={place},
  description={Icelandic lake}
}

@index{Sigridharstadhavatn,
  name={Sigríðarstaðavatn},
  category={place},
  description={Icelandic lagoon}
}

@index{places.Sigridharstadhavatn,
  name={Sigríðarstaðavatn},
  parent={places},
  category={place},
  description={Icelandic lagoon}
}

@index{Graenavatn,
  name={Grænavatn},
  category={place},
  description={Icelandic lake}
}

@index{places.Graenavatn,
  name={Grænavatn},
  parent={places},
  category={place},
  description={Icelandic lake}
}

@index{Arneslon,
  name={Árneslón},
  category={place},
  description={Icelandic lake}
}

@index{places.Arneslon,
  name={Árneslón},
  parent={places},
  category={place},
  description={Icelandic lake}
}

@index{Isholsvatn,
  name={Íshólsvatn},
  category={place},
  description={Icelandic lake}
}

@index{places.Isholsvatn,
  name={Íshólsvatn},
  parent={places},
  category={place},
  description={Icelandic lake}
}

@index{attachecase,
  name={attaché case},
  category={phrase},
  description={small, flat briefcase for carrying documents}
}

@index{piedaterre,
  name={pied-à-terre},
  category={phrase},
  description={small flat or house kept for occasional use}
}

@index{bergerehat,
  name={bergère hat},
  category={phrase},
  description={a type of wide-brimmed straw hat}
}

@index{AndersJonasAngstrom,
  name={Ångström, Anders Jonas},
  text={Anders Jonas Ångström},
  category={person},
  description={Swedish physicist}
}

@index{people.AndersJonasAngstrom,
  name={Ångström, Anders Jonas},
  text={Anders Jonas Ångström},
  parent={people},
  category={person},
  description={Swedish physicist}
}
