% Encoding: ASCII

@index{ll,
  name={ll},
  category={digraph},
  description={a \glshyperlink{digraph} used in
a number of languages. In Welsh, LL is considered a separate letter
from L and may be rendered as a ligature}
}

@index{ij,
  name={ij},
  category={digraph},
  description={a \glshyperlink{digraph} used in Dutch that's sometimes considered
a separate letter from I and may be rendered as a ligature}
}

@index{dz,
  name={dz},
  category={digraph},
  description={a \glshyperlink{digraph} used in
a number of languages. In Hungarian, Dz is considered a separate
letter
from D and may be rendered as a ligature}
}

@index{llan,
  name={llan},
  category={word},
  description={commonly used placename element in Brittonic
languages (such as Welsh) typically indicating parish church}
}

@index{llama,
  name={llama},
  category={word},
  description={domesticate animal found in the Andes}
}

@index{lijnbus,
  name={lijnbus},
  category={word},
  description={bus (Dutch)}
}

@index{ijsvrij,
  name={ijsvrij},
  category={word},
  description={frost (Dutch)}
}

@index{dzwon,
  name={dzwon},
  category={word},
  description={bell (Polish)}
}

@index{dzeta,
  name={dz\'eta},
  category={word},
  description={the Greek letter zeta (Hungarian)}
}

