% Encoding: ASCII

@symbol{tstidxmarker,
  name={\protect\tstidxmarker\space(\protect\tstidxcsfmt{tstidxmarker})},
  category={indexmarker},
  description={indicates where the indexing command was used for a
top-level (level~0) entry}
}

@symbol{tstidxsubmarker,
  name={\protect\tstidxsubmarker\space(\protect\tstidxcsfmt{tstidxsubmarker})},
  category={indexmarker},
  description={indicates where the indexing
command was used for a level~1 entry}
}

@symbol{tstidxsubsubmarker,
  name={\protect\tstidxsubsubmarker\space(\protect\tstidxcsfmt{tstidxsubsubmarker})},
  category={indexmarker},
  description={indicates where the indexing
command was used for a level~2 entry}
}

@symbol{tstidxopenmarker,
  name={\protect\tstidxopenmarker\space(\protect\tstidxcsfmt{tstidxopenmarker})},
  category={indexmarker},
  description={indicates where
the start of a range was indexed for a top-level (level~0) entry}
}

@symbol{tstidxclosemarker,
  name={\protect\tstidxclosemarker\space(\protect\tstidxcsfmt{tstidxclosemarker})},
  category={indexmarker},
  description={indicates where
the end of a range was indexed for a top-level (level~0) entry}
}

@symbol{tstidxopensubmarker,
  name={\protect\tstidxopensubmarker\space(\protect\tstidxcsfmt{tstidxopensubmarker})},
  category={indexmarker},
  description={indicates where
the start of a range was indexed for a level~1 entry}
}

@symbol{tstidxclosesubmarker,
  name={\protect\tstidxclosesubmarker\space(\protect\tstidxcsfmt{tstidxclosesubmarker})},
  category={indexmarker},
  description={indicates where
the end of a range was indexed for a level~1 entry}
}

@symbol{tstidxopensubsubmarker,
  name={\protect\tstidxopensubsubmarker\space(\protect\tstidxcsfmt{tstidxopensubsubmarker})},
  category={indexmarker},
  description={indicates where
the start of a range was indexed for a level~2 entry}
}

@symbol{tstidxclosesubsubmarker,
  name={\protect\tstidxclosesubsubmarker\space(\protect\tstidxcsfmt{tstidxclosesubsubmarker})},
  category={indexmarker},
  description={indicates where
the end of a range was indexed for a level~2 entry}
}

@symbol{tstidxseemarker,
  name={\protect\tstidxseemarker\space(\protect\tstidxcsfmt{tstidxseemarker})},
  category={indexmarker},
  description={indicates where the indexing
command was used to cross-reference a top-level (level~0) entry}
}

@symbol{tstidxsubseemarker,
  name={\protect\tstidxsubseemarker\space(\protect\tstidxcsfmt{tstidxsubseemarker})},
  category={indexmarker},
  description={indicates where the indexing
command was used to cross-reference a level~1 entry}
}

