% Encoding: ASCII

@symbol{alpha,
  name={$\alpha$},
  text={\alpha},
  category={mathsymbol},
  description={Greek letter alpha}
}

@symbol{beta,
  name={$\beta$},
  text={\beta},
  category={mathsymbol},
  description={Greek letter beta}
}

@symbol{gamma,
  name={$\gamma$},
  text={\gamma},
  category={mathsymbol},
  description={Greek letter gamma}
}

@symbol{sum,
  name={$\sum$},
  text={\sum},
  category={mathsymbol},
  description={summation}
}

@symbol{partial,
  name={$\partial$},
  text={\partial},
  category={mathsymbol},
  description={partial derivative}
}

@symbol{spinderiv,
  name={$\eth$},
  text={\eth},
  category={mathsymbol},
  description={spin-weighted partial derivative}
}

