% Encoding: UTF-8

@index{ll,
  name={ỻ},
  category={digraph},
  description={a \glshyperlink{digraph} used in
a number of languages. In Welsh, LL is considered a separate letter
from L and may be rendered as the ligature Ỻ}
}

@index{ij,
  name={ĳ},
  category={digraph},
  description={a \glshyperlink{digraph} used in Dutch that's sometimes considered
a separate letter from I and may be rendered as the ligature Ĳ}
}

@index{dz,
  name={ǳ},
  category={digraph},
  description={a \glshyperlink{digraph} used in
a number of languages. In Hungarian, Dz is considered a separate letter
from D and may be rendered as the ligature ǲ}
}

@index{llan,
  name={ỻan},
  category={word},
  description={commonly used placename element in Brittonic
languages (such as Welsh) typically indicating parish church}
}

@index{llama,
  name={ỻama},
  category={word},
  description={domesticate animal found in the Andes}
}

@index{lijnbus,
  name={lĳnbus},
  category={word},
  description={bus (Dutch)}
}

@index{ijsvrij,
  name={ĳsvrĳ},
  category={word},
  description={frost (Dutch)}
}

@index{dzwon,
  name={ǳwon},
  category={word},
  description={bell (Polish)}
}

@index{dzeta,
  name={ǳéta},
  category={word},
  description={the Greek letter zeta (Hungarian)}
}
