% Encoding: ASCII

@index{dzsoker,
  name={dzs\'oker},
  category={word},
  description={joker (Hungarian)}
}

@index{czesc,
  name={cze\'s\'c},
  category={word},
  description={hello (Polish)}
}

@index{elite,
  name={{\'e}lite},
  category={word},
  description={group of people regarded as
the best of a particular society or organisation}
}

@index{aesthetic,
  name={\ae sthetic},
  category={word},
  description={concerning beauty}
}

@index{oesophagus,
  name={\oe sophagus},
  category={word},
  description={part of the alimentary canal}
}

@index{blase,
  name={blas\'e},
  category={word},
  description={unimpressed or indifferent due to familiarity}
}

@index{protege,
  name={prot\'eg\'e},
  category={word},
  description={person guided by an older more experienced person}
}

@index{clientele,
  name={client\`ele},
  category={word},
  description={all the clients of a particular business}
}

@index{resumee,
  name={r\'esum\'e},
  category={word},
  description={summary of something or curriculum vitae}
}

@index{soiree,
  name={soir\'ee},
  category={word},
  description={an evening social gathering involving conversation or music}
}

@index{phoenix,
  name={ph\oe nix},
  category={word},
  description={mythical bird that periodically burned itself and was reborn from the ashes}
}

@index{decor,
  name={d\'ecor},
  category={word},
  description={the furnishings and decorations of a room}
}

@index{faerie,
  name={f\ae rie},
  category={word},
  description={fairyland}
}

@index{facade,
  name={fa\c{c}ade},
  category={word},
  description={the front face of a building}
}

@index{aethereal,
  name={\ae thereal},
  category={word},
  description={light, airy or tenuous}
}

@index{debutante,
  name={d\'ebutante},
  category={word},
  description={a young upper-class woman making her first appearance in society}
}

@index{naive,
  name={na\"{\i}ve},
  category={word},
  description={lacking experience or wisdom}
}

@index{foetid,
  name={f\oe tid},
  category={word},
  description={smelling very unpleasant}
}

@index{cliche,
  name={clich\'e},
  category={word},
  description={overused phrase or idea}
}

@index{deshabille,
  name={d\'eshabill\'e},
  category={word},
  description={the state of being only partially clothed}
}

@index{negligee,
  name={n\'eglig\'ee},
  category={word},
  description={a woman's very thin dressing gown}
}

@index{cafe,
  name={caf\'e},
  category={word},
  description={small restaurant that sells light meals}
}

@index{anaemic,
  name={an\ae mic},
  category={word},
  description={suffering from anaemia}
}

@index{thornletter,
  name={\th},
  category={word},
  see={thorn},
  description={thorn}
}

@index{thorn,
  name={thorn (\th)},
  category={word},
  description={Old English and Icelandic runic letter. In English, eventually replaced by the
digraph \tstidxqt{th}}
}

@index{ethletter,
  name={\dh},
  category={word},
  see={ethletter},
  description={eth}
}

@index{eth,
  name={eth (\dh)},
  category={word},
  description={Old English letter eventually
superseded by the digraph \tstidxqt{th}, but still in use in
some other languages}
}

@index{Ostergotland,
  name={{\"O}sterg\"otland},
  category={place},
  description={a county in Sweden}
}

@index{places.Ostergotland,
  name={{\"O}sterg\"otland},
  parent={places},
  category={place},
  description={a county in Sweden}
}

@index{Angelholm,
  name={{\"A}ngelholm},
  category={place},
  description={a place in Sweden}
}

@index{places.Angelholm,
  name={{\"A}ngelholm},
  parent={places},
  category={place},
  description={a place in Sweden}
}

@index{Oresund,
  name={\O resund},
  category={place},
  description={a strait which separates Denmark and Sweden}
}

@index{places.Oresund,
  name={\O resund},
  parent={places},
  category={place},
  description={a strait which separates Denmark and Sweden}
}

@index{Tarnby,
  name={T\r{a}rnby},
  category={place},
  description={a town in Denmark}
}

@index{places.Tarnby,
  name={T\r{a}rnby},
  parent={places},
  category={place},
  description={a town in Denmark}
}

@index{Rodovre,
  name={R\o dovre},
  category={place},
  description={a Danish town}
}

@index{places.Rodovre,
  name={R\o dovre},
  parent={places},
  category={place},
  description={a Danish town}
}

@index{Naestved,
  name={N\ae stved},
  category={place},
  description={a Danish town on the island of Zealand}
}

@index{places.Naestved,
  name={N\ae stved},
  parent={places},
  category={place},
  description={a Danish town on the island of Zealand}
}

@index{OlstykkeStenlose,
  name={\O lstykke-Stenl\o se},
  category={place},
  description={a Danish city in North Zealand}
}

@index{places.OlstykkeStenlose,
  name={\O lstykke-Stenl\o se},
  parent={places},
  category={place},
  description={a Danish city in North Zealand}
}

@index{Asslar,
  name={A\ss lar},
  category={place},
  description={German town}
}

@index{places.Asslar,
  name={A\ss lar},
  parent={places},
  category={place},
  description={German town}
}

@index{BadGottleubaBerggiesshubel,
  name={Bad Gottleuba-Berggie\ss h\"ubel},
  category={place},
  description={a town in the Free State of Saxony, Germany}
}

@index{places.BadGottleubaBerggiesshubel,
  name={Bad Gottleuba-Berggie\ss h\"ubel},
  parent={places},
  category={place},
  description={a town in the Free State of Saxony, Germany}
}

@index{Lodz,
  name={\L\'od\'z},
  category={place},
  description={Polish city}
}

@index{places.Lodz,
  name={\L\'od\'z},
  parent={places},
  category={place},
  description={Polish city}
}

@index{Swietokrzyskie,
  name={{\'S}wi\k{e}tokrzyskie},
  category={place},
  description={Polish province}
}

@index{places.Swietokrzyskie,
  name={{\'S}wi\k{e}tokrzyskie},
  parent={places},
  category={place},
  description={Polish province}
}

@index{Zory,
  name={{\.Z}ory},
  category={place},
  description={Polish town and city county}
}

@index{places.Zory,
  name={{\.Z}ory},
  parent={places},
  category={place},
  description={Polish town and city county}
}

@index{Zelechow,
  name={{\.Z}elech\'ow},
  category={place},
  description={Polish town}
}

@index{places.Zelechow,
  name={{\.Z}elech\'ow},
  parent={places},
  category={place},
  description={Polish town}
}

@index{Lobez,
  name={\L obez},
  category={place},
  description={Polish town}
}

@index{places.Lobez,
  name={\L obez},
  parent={places},
  category={place},
  description={Polish town}
}

@index{Glogow,
  name={G\l og\'ow},
  category={place},
  description={Polish town}
}

@index{places.Glogow,
  name={G\l og\'ow},
  parent={places},
  category={place},
  description={Polish town}
}

@index{Cmielow,
  name={{\'C}miel\'ow},
  category={place},
  description={Polish town}
}

@index{places.Cmielow,
  name={{\'C}miel\'ow},
  parent={places},
  category={place},
  description={Polish town}
}

@index{Scinawa,
  name={{\'S}cinawa},
  category={place},
  description={Polish town}
}

@index{places.Scinawa,
  name={{\'S}cinawa},
  parent={places},
  category={place},
  description={Polish town}
}

@index{Swidnica,
  name={{\'S}widnica},
  category={place},
  description={Polish town}
}

@index{places.Swidnica,
  name={{\'S}widnica},
  parent={places},
  category={place},
  description={Polish town}
}

@index{Olvesvatn,
  name={{\"O}lvesvatn},
  category={place},
  description={Icelandic lake}
}

@index{places.Olvesvatn,
  name={{\"O}lvesvatn},
  parent={places},
  category={place},
  description={Icelandic lake}
}

@index{Ulfsvatn,
  name={{\'U}lfsvatn},
  category={place},
  description={Icelandic lake}
}

@index{places.Ulfsvatn,
  name={{\'U}lfsvatn},
  parent={places},
  category={place},
  description={Icelandic lake}
}

@index{Anavatn,
  name={{\'A}navatn},
  category={place},
  description={Icelandic lake}
}

@index{places.Anavatn,
  name={{\'A}navatn},
  parent={places},
  category={place},
  description={Icelandic lake}
}

@index{Masvatn,
  name={M\'asvatn},
  category={place},
  description={Icelandic lake}
}

@index{places.Masvatn,
  name={M\'asvatn},
  parent={places},
  category={place},
  description={Icelandic lake}
}

@index{Thrihyrningsvatn,
  name={\TH r\'{\i}hyrningsvatn},
  category={place},
  description={Icelandic lake}
}

@index{places.Thrihyrningsvatn,
  name={\TH r\'{\i}hyrningsvatn},
  parent={places},
  category={place},
  description={Icelandic lake}
}

@index{Sigridharstadhavatn,
  name={Sigr\'{\i}\dh arsta\dh avatn},
  category={place},
  description={Icelandic lagoon}
}

@index{places.Sigridharstadhavatn,
  name={Sigr\'{\i}\dh arsta\dh avatn},
  parent={places},
  category={place},
  description={Icelandic lagoon}
}

@index{Graenavatn,
  name={Gr\ae navatn},
  category={place},
  description={Icelandic lake}
}

@index{places.Graenavatn,
  name={Gr\ae navatn},
  parent={places},
  category={place},
  description={Icelandic lake}
}

@index{Arneslon,
  name={{\'A}rnesl\'on},
  category={place},
  description={Icelandic lake}
}

@index{places.Arneslon,
  name={{\'A}rnesl\'on},
  parent={places},
  category={place},
  description={Icelandic lake}
}

@index{Isholsvatn,
  name={{\'I}sh\'olsvatn},
  category={place},
  description={Icelandic lake}
}

@index{places.Isholsvatn,
  name={{\'I}sh\'olsvatn},
  parent={places},
  category={place},
  description={Icelandic lake}
}

@index{attachecase,
  name={attach\'e case},
  category={phrase},
  description={small, flat briefcase for carrying documents}
}

@index{piedaterre,
  name={pied-\`a-terre},
  category={phrase},
  description={small flat or house kept for occasional use}
}

@index{bergerehat,
  name={berg\`ere hat},
  category={phrase},
  description={a type of wide-brimmed straw hat}
}

@index{AndersJonasAngstrom,
  name={\AA ngstr\"om, Anders Jonas},
  text={Anders Jonas \AA ngstr\"om},
  category={person},
  description={Swedish physicist}
}

@index{people.AndersJonasAngstrom,
  name={\AA ngstr\"om, Anders Jonas},
  text={Anders Jonas \AA ngstr\"om},
  parent={people},
  category={person},
  description={Swedish physicist}
}
