@article{张儆轩2021考虑死亡因素和不同时段接触数的,
  title={考虑死亡因素和不同时段接触数的 COVID-19 动态 SEIR 模型},
  author={张儆轩 and 于洁 and 赵秉新},
  journal={应用数学进展},
  volume={10},
  number={6},
  pages={1871-1879},
  year={2021},
  publisher={中文学术期刊, 汉斯出版社, Hans Publishers}
}
@mastersthesis{1021167897.nh,
	author = {程哲阳},
	title = {SEIR改进模型及COVID-2019武汉疫情分析},
	school = {中国地质大学(北京)},
	year = {2021}
}
@article{石佳欣2022一类随机系统基本再生数的计算与应用,
	title={一类随机系统基本再生数的计算与应用},
	author={石佳欣 and 黄东卫},
	journal={应用数学进展},
	volume={11},
	number={6},
	pages={3849-3859},
	year={2022},
	publisher={中文学术期刊, 汉斯出版社, Hans Publishers}
}
@article{陈倩2023基于改进的随机,
	title={基于改进的随机 SEIR 模型分析传染病的控制再生数},
	author={陈倩 and 连保胜},
	journal={应用数学进展},
	volume={12(7)},
	pages={3211-3224},
	year={2023},
	publisher={中文学术期刊, 汉斯出版社, Hans Publishers}
}
@article{王建伟2020基于广义,
	title={基于广义 SEIR 模型的新冠肺炎传播机制及干预效果仿真},
	author={王建伟 and 崔秩玮 and 潘潇雄 and 董是},
	journal={科技导报},
	volume={38},
	number={22},
	pages={130--138},
	year={2020}
}
@article{常瑜洋2023基于,
	title={基于 SEIAQR 动力学模型的突发疫情预测},
	author={常瑜洋 and 郑梦凡 and 杜彦斌},
	journal={应用数学进展},
	volume={12(5)},
	pages={2613-2621},
	year={2023},
	publisher={中文学术期刊, 汉斯出版社, Hans Publishers}
}
@article{黄丽霞2023基于分阶段,
	title={基于分阶段 SEIAHRD 模型的传染病预测分析——基于 ACPSO 优化算法},
	author={黄丽霞 and 鲁延玲 and 秦秀},
	journal={应用数学进展},
	volume={12(9)},
	pages={3954-3967},
	year={2023},
	publisher={中文学术期刊, 汉斯出版社, Hans Publishers}
}
@article{郭慧敏2023基于隔离人群的,
	title={基于隔离人群的 SEIRS 模型研究香港新冠肺炎传播趋势},
	author={郭慧敏},
	journal={理论数学},
	volume={13(2)},
	pages={244-250},
	year={2023},
	publisher={中文学术期刊, 汉斯出版社, Hans Publishers}
}
@article{张佳琦2022新型冠状病毒奥密克戎变异株的研究进展,
	title={新型冠状病毒奥密克戎变异株的研究进展},
	author={张佳琦 and 刘国华 and 黄建安},
	journal={实用临床医药杂志},
	volume={26},
	number={19},
	pages={143--148},
	year={2022},
	publisher={《 实用临床医药杂志》 编辑部}
}
@article{杨利超2024基于真实世界数据的修正,
	title={基于真实世界数据的修正 SEIR 模型应用于疫情防控研究},
	author={杨利超 and 曾华堂 and 胡梦之 and 伍丽群 and 田倩男 and 韦亮州 and 朱纪明 and 梁万年},
	journal={中国全科医学},
	volume={27},
	number={01},
	pages={118},
	year={2024}
}
@mastersthesis { 1021782121.nh,
	author = { 李远愉 },
	title = {基于改进的SEIR模型对新冠肺炎防控效率的研究},
	school = {重庆大学},
	year = {2021}
}
@article{mcquade2021control,
	title={Control of COVID-19 outbreak using an extended SEIR model},
	author={McQuade, Sean T and Weightman, Ryan and Merrill, Nathaniel J and Yadav, Aayush and Tr{\'e}lat, Emmanuel and Allred, Sarah R and Piccoli, Benedetto},
	journal={Mathematical Models and Methods in Applied Sciences},
	volume={31},
	number={12},
	pages={2399--2424},
	year={2021},
	publisher={World Scientific}
}
@article{calvia2024simple,
	title={A simple planning problem for COVID-19 lockdown: a dynamic programming approach},
	author={Calvia, Alessandro and Gozzi, Fausto and Lippi, Francesco and Zanco, Giovanni},
	journal={Economic Theory},
	volume={77},
	number={1},
	pages={169--196},
	year={2024},
	publisher={Springer}
}
@article{bairoliya2023macroeconomic,
	title={Macroeconomic consequences of stay-at-home policies during the COVID-19 pandemic},
	author={Bairoliya, Neha and {\.I}mrohoro{\u{g}}lu, Ay{\c{s}}e},
	journal={European Economic Review},
	volume={152},
	pages={104266},
	year={2023},
	publisher={Elsevier}
}
@techreport{ccakmakli2021economic,
	title={The economic case for global vaccinations: An epidemiological model with international production networks},
	author={{\c{C}}akmakl{\i}, Cem and Demiralp, Selva and Kalemli-{\"O}zcan, Ṣebnem and Ye{\c{s}}ilta{\c{s}}, Sevcan and Y{\i}ld{\i}r{\i}m, Muhammed A},
	year={2021},
	institution={National Bureau of Economic Research},
	url={http://www.nber.org/papers/w28395}
}
@article{harko2014exact,
	title={Exact analytical solutions of the Susceptible-Infected-Recovered (SIR) epidemic model and of the SIR model with equal death and birth rates},
	author={Harko, Tiberiu and Lobo, Francisco SN and Mak, MK3197716},
	journal={Applied Mathematics and Computation},
	volume={236},
	pages={184--194},
	year={2014},
	publisher={Elsevier}
}
@article{garriga2022optimal,
	title={Optimal management of an epidemic: Lockdown, vaccine and value of life},
	author={Garriga, Carlos and Manuelli, Rody and Sanghi, Siddhartha},
	journal={Journal of Economic Dynamics and Control},
	volume={140},
	pages={104351},
	year={2022},
	publisher={Elsevier}
}
@article{eichenbaum2021macroeconomics,
	title={The macroeconomics of epidemics},
	author={Eichenbaum, Martin S and Rebelo, Sergio and Trabandt, Mathias},
	journal={The Review of Financial Studies},
	volume={34},
	number={11},
	pages={5149--5187},
	year={2021},
	publisher={Oxford University Press}
}
@techreport{acharya2020value,
	title={The value of a cure: An asset pricing perspective},
	author={Acharya, Viral V and Johnson, Timothy and Sundaresan, Suresh and Zheng, Steven},
	year={2020},
	institution={National Bureau of Economic Research},
	url={http://www.nber.org/papers/w28127}
}
@article{acemoglu2021optimal,
	title={Optimal targeted lockdowns in a multigroup SIR model},
	author={Acemoglu, Daron and Chernozhukov, Victor and Werning, Iv{\'a}n and Whinston, Michael D},
	journal={American Economic Review: Insights},
	volume={3},
	number={4},
	pages={487--502},
	year={2021},
	publisher={American Economic Association 2014 Broadway, Suite 305, Nashville, TN 37203}
}
@article{fu2022optimal,
	title={Optimal lockdown policy for vaccination during COVID-19 pandemic},
	author={Fu, Yuting and Jin, Hanqing and Xiang, Haitao and Wang, Ning},
	journal={Finance research letters},
	volume={45},
	pages={102123},
	year={2022},
	publisher={Elsevier}
}
@article{garibaldi2020modelling,
  title={Modelling contacts and transitions in the SIR epidemic model},
  author={Garibaldi, Pietro and Moen, Espen R and Pissarides, Christopher A and others},
  journal={Covid Economics},
  volume={5},
  pages={1--21},
  year={2020}
}
@techreport{farhi2012dealing,
  title={Dealing with the trilemma: Optimal capital controls with fixed exchange rates},
  author={Farhi, Emmanuel and Werning, Ivan},
  year={2012},
  institution={National Bureau of Economic Research},
  url={http://www.nber.org/papers/w18199}
}
@article{salje2020estimating,
  title={Estimating the burden of SARS-CoV-2 in France},
  author={Salje, Henrik and Tran Kiem, C{\'e}cile and Lefrancq, No{\'e}mie and Courtejoie, No{\'e}mie and Bosetti, Paolo and Paireau, Juliette and Andronico, Alessio and Hoz{\'e}, Nathana{\"e}l and Richet, Jehanne and Dubost, Claire-Lise and others},
  journal={Science},
  volume={369},
  number={6500},
  pages={208--211},
  year={2020},
  publisher={American Association for the Advancement of Science}
}
@article{ferguson2006strategies,
  title={Strategies for mitigating an influenza pandemic},
  author={Ferguson, Neil M and Cummings, Derek AT and Fraser, Christophe and Cajka, James C and Cooley, Philip C and Burke, Donald S},
  journal={Nature},
  volume={442},
  number={7101},
  pages={448--452},
  year={2006},
  publisher={Nature Publishing Group UK London}
}
@article{尹凌2021耦合人群移动的,
  title={耦合人群移动的 COVID-19 传染病模型研究进展},
  author={尹凌 and 刘康 and 张浩 and 奚桂锴 and 李璇 and 李子垠 and 薛建章},
  journal={地球信息科学学报},
  volume={23},
  number={11},
  pages={1894-1909},
  year={2021}
}
@article{李照2021一种耦合,
  title={一种耦合 LSTM 算法和云模型的疫情传播风险预测模型},
  author={李照 and 高惠瑛 and 代晓奕 and 孙海},
  journal={地球信息科学学报},
  year={2021},
  volume={23},
  number={11},
  pages={1924-1935}
}
@article{杨赟2022基于随机,
  title={基于随机 SEIR 模型的新冠肺炎传播动力学分析},
  author={杨赟 and 赵亚男},
  journal={东北师范大学学报 (自然科学版)},
  volume={54},
  number={4},
  pages={37--43},
  year={2022}
}
@article{宋倩倩2020新型冠状病毒肺炎的早期传染病流行病学参数估计研究,
  title={新型冠状病毒肺炎的早期传染病流行病学参数估计研究},
  author={宋倩倩 and 赵涵 and 方立群 and 刘玮 and 郑创 and 张勇},
  journal={中华流行病学杂志},
  volume={41},
  number={4},
  pages={461--465},
  year={2020}
}
@article{燕杨2021基于改进,
  title={基于改进 SEIR 算法的疫情传播趋势检测方法},
  author={燕杨 and 郭皓钰 and 魏宇航 and 尤紫如 and 肖志强 and 黄文博},
  journal={吉林大学学报 (理学版)},
  volume={59},
  number={6},
  pages={1511--1516},
  year={2021}
}
@article{bohner2019exact,
  title={Exact solution to a dynamic SIR model},
  author={Bohner, Martin and Streipert, Sabrina and Torres, Delfim FM},
  journal={Nonlinear Analysis: Hybrid Systems},
  volume={32},
  pages={228--238},
  year={2019},
  publisher={Elsevier}
}
@article{flaxman2020estimating,
  title={Estimating the effects of non-pharmaceutical interventions on COVID-19 in Europe},
  author={Flaxman, Seth and Mishra, Swapnil and Gandy, Axel and Unwin, H Juliette T and Mellan, Thomas A and Coupland, Helen and Whittaker, Charles and Zhu, Harrison and Berah, Tresnia and Eaton, Jeffrey W and others},
  journal={Nature},
  volume={584},
  number={7820},
  pages={257--261},
  year={2020},
  publisher={Nature Publishing Group}
}
@article{kucharski2020early,
  title={Early dynamics of transmission and control of COVID-19: a mathematical modelling study},
  author={Kucharski, Adam J and Russell, Timothy W and Diamond, Charlie and Liu, Yang and Edmunds, John and Funk, Sebastian and Eggo, Rosalind M and Sun, Fiona and Jit, Mark and Munday, James D and others},
  journal={The lancet infectious diseases},
  volume={20},
  number={5},
  pages={553--558},
  year={2020},
  publisher={Elsevier}
}
@article{ferguson2005strategies,
  title={Strategies for containing an emerging influenza pandemic in Southeast Asia},
  author={Ferguson, Neil M and Cummings, Derek AT and Cauchemez, Simon and Fraser, Christophe and Riley, Steven and Meeyai, Aronrag and Iamsirithaworn, Sopon and Burke, Donald S},
  journal={Nature},
  volume={437},
  number={7056},
  pages={209--214},
  year={2005},
  publisher={Nature Publishing Group UK London}
}
@book{ferguson2020report,
  title={Report 9: Impact of non-pharmaceutical interventions (NPIs) to reduce COVID19 mortality and healthcare demand},
  author={Ferguson, Neil M and Laydon, Daniel and Nedjati-Gilani, Gemma and Imai, Natsuko and Ainslie, Kylie and Baguelin, Marc and Bhatia, Sangeeta and Boonyasiri, Adhiratha and Cucunub{\'a}, Zulma and Cuomo-Dannenburg, Gina and others},
  volume={16},
  year={2020},
  publisher={Imperial College London London}
}
@article{zhang2022shanghai,
  title={Shanghai's life-saving efforts against the current omicron wave of the COVID-19 pandemic},
  author={Zhang, Xinxin and Zhang, Wenhong and Chen, Saijuan},
  journal={The Lancet},
  volume={399},
  number={10340},
  pages={2011--2012},
  year={2022},
  publisher={Elsevier}
}
@article{giovanetti2021evolution,
  title={Evolution patterns of SARS-CoV-2: Snapshot on its genome variants},
  author={Giovanetti, Marta and Benedetti, Francesca and Campisi, Giovanni and Ciccozzi, Alessandra and Fabris, Silvia and Ceccarelli, Giancarlo and Tambone, Vittoradolfo and Caruso, Arnaldo and Angeletti, Silvia and Zella, Davide and others},
  journal={Biochemical and biophysical research communications},
  volume={538},
  pages={88--91},
  year={2021},
  publisher={Elsevier}
}
@article{chen2022omicron,
  title={Omicron variant (B. 1.1. 529): infectivity, vaccine breakthrough, and antibody resistance},
  author={Chen, Jiahui and Wang, Rui and Gilby, Nancy Benovich and Wei, Guo-Wei},
  journal={Journal of chemical information and modeling},
  volume={62},
  number={2},
  pages={412--422},
  year={2022},
  publisher={ACS Publications}
}
@article{wu2022epidemiologic,
  title={Epidemiologic features and containment of SARS-CoV-2 Omicron variant},
  author={WU, Yu and LIU, Jue and LIU, Min and LIANG, Wannian},
  journal={Chinese general practice},
  volume={25},
  number={01},
  pages={14},
  year={2022}
}
@article{bastard2022impact,
  title={Impact of the Omicron variant on SARS-CoV-2 reinfections in France, March 2021 to February 2022},
  author={Bastard, Jonathan and Taisne, Benjamin and Figoni, Julie and Mailles, Alexandra and Durand, Julien and Fayad, Myriam and Josset, Laurence and Maisa, Anna and van Der Werf, Sylvie and Du Ch{\^a}telet, Isabelle Parent and others},
  journal={Eurosurveillance},
  volume={27},
  number={13},
  pages={2200247},
  year={2022},
  publisher={European Centre for Disease Prevention and Control}
}
@article{menni2022symptom,
  title={Symptom prevalence, duration, and risk of hospital admission in individuals infected with SARS-CoV-2 during periods of omicron and delta variant dominance: a prospective observational study from the ZOE COVID Study},
  author={Menni, Cristina and Valdes, Ana M and Polidori, Lorenzo and Antonelli, Michela and Penamakuri, Satya and Nogal, Ana and Louca, Panayiotis and May, Anna and Figueiredo, Jane C and Hu, Christina and others},
  journal={The Lancet},
  volume={399},
  number={10335},
  pages={1618--1624},
  year={2022},
  publisher={Elsevier}
}
@article{strasser2022sars,
  title={SARS-CoV-2 Omicron variant is as deadly as previous waves after adjusting for vaccinations, demographics, and comorbidities},
  author={Strasser, Zachary and Hadavand, Aboozar and Murphy, Shawn and Estiri, Hossein},
  year={2022},
  url={https://europepmc.org/article/PPR/PPR487396}
}
@article{欧阳康2022新冠肺炎病毒变异传播背景下的疫情精准防控体系研究,
  title={新冠肺炎病毒变异传播背景下的疫情精准防控体系研究},
  author={欧阳康 and 王誉霖},
  journal={决策与信息},
  volume={4},
  pages={5--12},
  year={2022}
}
@article{xu2022protective,
  title={Protective prototype-Beta and Delta-Omicron chimeric RBD-dimer vaccines against SARS-CoV-2},
  author={Xu, Kun and Gao, Ping and Liu, Sheng and Lu, Shuaiyao and Lei, Wenwen and Zheng, Tianyi and Liu, Xueyuan and Xie, Yufeng and Zhao, Zhennan and Guo, Shuxin and others},
  journal={Cell},
  volume={185},
  number={13},
  pages={2265--2278},
  year={2022},
  publisher={Elsevier}
}
