%%% -*-BibTeX-*-
%%% ====================================================================
%%%  BibTeX-file{
%%%     author          = "Nelson H. F. Beebe",
%%%     version         = "1.08",
%%%     date            = "12 August 2014",
%%%     time            = "07:00:24 MDT",
%%%     filename        = "serif.bib",
%%%     address         = "University of Utah
%%%                        Department of Mathematics, 110 LCB
%%%                        155 S 1400 E RM 233
%%%                        Salt Lake City, UT 84112-0090
%%%                        USA",
%%%     telephone       = "+1 801 581 5254",
%%%     FAX             = "+1 801 581 4148",
%%%     URL             = "http://www.math.utah.edu/~beebe",
%%%     checksum        = "12919 1138 4177 38313",
%%%     email           = "beebe at math.utah.edu, beebe at acm.org,
%%%                        beebe at ieee.org (Internet)",
%%%     codetable       = "ISO/ASCII",
%%%     keywords        = "serif, type, typography",
%%%     license         = "public domain",
%%%     supported       = "yes",
%%%     docstring       = "This is a complete BibTeX bibliography for
%%%                        Serif: The Magazine of Type and Typography
%%%                        (CODEN none, ISSN 1080-2207).
%%%
%%%                        At version 1.08, the year coverage looked
%%%                        like this:
%%%
%%%                             1994 (  17)    1996 (  12)    1998 (  10)
%%%                             1995 (  28)    1997 (   0)
%%%
%%%                             Article:         67
%%%
%%%                             Total entries:   67
%%%
%%%                        Further information about this publication
%%%                        is available from its editor's WorldWide Web
%%%                        site, http://www.quixote.com/serif/.
%%%
%%%                        In this bibliography, entries appear in
%%%                        publication order, that is, sorted by
%%%                        volume, and then by page number.
%%%
%%%                        The checksum field above contains a CRC-16
%%%                        checksum as the first value, followed by the
%%%                        equivalent of the standard UNIX wc (word
%%%                        count) utility output of lines, words, and
%%%                        characters.  This is produced by Robert
%%%                        Solovay's checksum utility.",
%%%  }
%%% ====================================================================

%%% ====================================================================
%%% Acknowledgement abbreviations:

@String{ack-nhfb = "Nelson H. F. Beebe,
                    University of Utah,
                    Department of Mathematics, 110 LCB,
                    155 S 1400 E RM 233,
                    Salt Lake City, UT 84112-0090, USA,
                    Tel: +1 801 581 5254,
                    FAX: +1 801 581 4148,
                    e-mail: \path|beebe@math.utah.edu|,
                            \path|beebe@acm.org|,
                            \path|beebe@computer.org| (Internet),
                    URL: \path|http://www.math.utah.edu/~beebe/|"}

%%% ====================================================================
%%% Journal abbreviations:

@String{j-SERIF = "Serif: The Magazine of Type and Typography"}

%%% ====================================================================
%%% Bibliography entries (sorted in publication order):

@Article{Anonymous:1994:BCF,
  author =       "Anonymous",
  title =        "{Big Caslon -- FF Chelsea -- Elroy -- Lucida Casual --
                 Twist -- Zombie}",
  journal =      j-SERIF,
  volume =       "1",
  pages =        "6--9",
  month =        "Fall",
  year =         "1994",
  ISSN =         "1080-2207",
  bibdate =      "Mon Nov 13 16:57:14 1995",
  bibsource =    "http://www.math.utah.edu/pub/tex/bib/serif.bib",
  acknowledgement = ack-nhfb,
}

@Article{Anonymous:1994:BNF,
  author =       "Anonymous",
  title =        "Briefly Noted: {Font CDs -- Quickdraw GX -- Multiple
                 Masters for Windows -- Ed Cleary -- Treacyfaces and
                 Headliners International -- American Typecasting
                 Fellowship -- Emigre's Whirligig Catalog -- Santa Cruz
                 Book Show}",
  journal =      j-SERIF,
  volume =       "1",
  pages =        "10--12",
  month =        "Fall",
  year =         "1994",
  ISSN =         "1080-2207",
  bibdate =      "Mon Nov 13 16:54:29 1995",
  bibsource =    "http://www.math.utah.edu/pub/tex/bib/serif.bib",
  acknowledgement = ack-nhfb,
}

@Article{Hosek:1994:CA,
  author =       "D. A. Hosek",
  title =        "{Centaur \& Arrighi}",
  journal =      j-SERIF,
  volume =       "1",
  pages =        "13--15",
  month =        "Fall",
  year =         "1994",
  ISSN =         "1080-2207",
  bibdate =      "Mon Nov 13 16:54:29 1995",
  bibsource =    "http://www.math.utah.edu/pub/tex/bib/serif.bib",
  note =         "A look at the typeface used in the issue, its origins
                 and development.",
  acknowledgement = ack-nhfb,
}

@Article{Peterson:1994:WMH,
  author =       "William S. Peterson",
  title =        "{William Morris} and his types",
  journal =      j-SERIF,
  volume =       "1",
  pages =        "16--25",
  month =        "Fall",
  year =         "1994",
  ISSN =         "1080-2207",
  bibdate =      "Mon Nov 13 16:54:29 1995",
  bibsource =    "http://www.math.utah.edu/pub/tex/bib/serif.bib",
  note =         "The original work and digital revivals as well.",
  acknowledgement = ack-nhfb,
}

@Article{Carr:1994:WSO,
  author =       "Dan Carr",
  title =        "The weight of a serif, {\em or}, The influences of
                 punchcutting on type design",
  journal =      j-SERIF,
  volume =       "1",
  pages =        "26--29",
  month =        "Fall",
  year =         "1994",
  ISSN =         "1080-2207",
  bibdate =      "Mon Nov 13 16:54:29 1995",
  bibsource =    "http://www.math.utah.edu/pub/tex/bib/serif.bib",
  note =         "A look at the art of punchcutting and the degree to
                 which it did---and didn't---influence the development
                 of letterforms.",
  acknowledgement = ack-nhfb,
}

@Article{Bringhurst:1994:CL,
  author =       "Robert Bringhurst",
  title =        "On the classification of letterforms",
  journal =      j-SERIF,
  volume =       "1",
  pages =        "30--39",
  month =        "Fall",
  year =         "1994",
  ISSN =         "1080-2207",
  bibdate =      "Mon Nov 13 16:54:29 1995",
  bibsource =    "http://www.math.utah.edu/pub/tex/bib/serif.bib",
  note =         "An expansion and explication of the taxonomy begun in
                 Bringhurst's {\em Elements of Typographic Style}. First
                 in a series.",
  acknowledgement = ack-nhfb,
}

@Article{Solyn:1994:FIH,
  author =       "Paul Solyn",
  title =        "A fine italic hand",
  journal =      j-SERIF,
  volume =       "1",
  pages =        "40--45",
  month =        "Fall",
  year =         "1994",
  ISSN =         "1080-2207",
  bibdate =      "Mon Nov 13 16:54:29 1995",
  bibsource =    "http://www.math.utah.edu/pub/tex/bib/serif.bib",
  note =         "A look at the history and use of italics.",
  acknowledgement = ack-nhfb,
}

@Article{Swanson:1994:CDC,
  author =       "Gunnar Swanson",
  title =        "Clarety: Drinking from the crystal goblet",
  journal =      j-SERIF,
  volume =       "1",
  pages =        "45--45",
  month =        "Fall",
  year =         "1994",
  ISSN =         "1080-2207",
  bibdate =      "Mon Nov 13 16:54:29 1995",
  bibsource =    "http://www.math.utah.edu/pub/tex/bib/serif.bib",
  note =         "An irreverent look at whether Beatrice Warde's
                 metaphor still applies today.",
  acknowledgement = ack-nhfb,
}

@Article{Lange:1994:TT,
  author =       "Gerald Lange",
  title =        "[{T}-26] and `design typography'",
  journal =      j-SERIF,
  volume =       "1",
  pages =        "46--48",
  month =        "Fall",
  year =         "1994",
  ISSN =         "1080-2207",
  bibdate =      "Mon Nov 13 16:54:29 1995",
  bibsource =    "http://www.math.utah.edu/pub/tex/bib/serif.bib",
  note =         "A look at the output of one of a new breed of type
                 foundries pushing the envelope of type design.",
  acknowledgement = ack-nhfb,
}

@Article{Schwartz:1994:CG,
  author =       "Christian Schwartz",
  title =        "The changing of the guard",
  journal =      j-SERIF,
  volume =       "1",
  pages =        "49--49",
  month =        "Fall",
  year =         "1994",
  ISSN =         "1080-2207",
  bibdate =      "Mon Nov 13 16:54:29 1995",
  bibsource =    "http://www.math.utah.edu/pub/tex/bib/serif.bib",
  note =         "One type designer's view of the changes in the
                 business of type.",
  acknowledgement = ack-nhfb,
}

@Article{Lange:1994:DTF,
  author =       "Gerald Lange",
  title =        "Digital type foundry for typophiles: {Carter \& Cone
                 Type Inc.}",
  journal =      j-SERIF,
  volume =       "1",
  pages =        "50--56, 58",
  month =        "Fall",
  year =         "1994",
  ISSN =         "1080-2207",
  bibdate =      "Mon Nov 13 16:54:29 1995",
  bibsource =    "http://www.math.utah.edu/pub/tex/bib/serif.bib",
  note =         "A font-by-font accounting of the new designs by
                 Matthew Carter as part of his new enterprise.",
  acknowledgement = ack-nhfb,
}

@Article{Bigelow:1994:TCS,
  author =       "Charles Bigelow",
  title =        "Thoughts on {Century Schoolbook}",
  journal =      j-SERIF,
  volume =       "1",
  pages =        "59--60",
  month =        "Fall",
  year =         "1994",
  ISSN =         "1080-2207",
  bibdate =      "Mon Nov 13 16:54:29 1995",
  bibsource =    "http://www.math.utah.edu/pub/tex/bib/serif.bib",
  note =         "A fresh look at a typeface we all have and seldom
                 use.",
  acknowledgement = ack-nhfb,
}

@Article{Saxe:1994:ATS,
  author =       "Stephen O. Saxe",
  title =        "American type specimen books",
  journal =      j-SERIF,
  volume =       "1",
  pages =        "61--63",
  month =        "Fall",
  year =         "1994",
  ISSN =         "1080-2207",
  bibdate =      "Mon Nov 13 16:54:29 1995",
  bibsource =    "http://www.math.utah.edu/pub/tex/bib/serif.bib",
  note =         "A look at the development of a now seldom-seen product
                 from type companies: The type specimen book.",
  acknowledgement = ack-nhfb,
}

@Article{Hosek:1994:BRM,
  author =       "D. A. Hosek",
  title =        "Book reviews: {{\em Modern Typography}, by Robin
                 Kinross}",
  journal =      j-SERIF,
  volume =       "1",
  pages =        "64--65",
  month =        "Fall",
  year =         "1994",
  ISSN =         "1080-2207",
  bibdate =      "Mon Nov 13 16:54:29 1995",
  bibsource =    "http://www.math.utah.edu/pub/tex/bib/serif.bib",
  acknowledgement = ack-nhfb,
}

@Article{Pastor:1994:BRA,
  author =       "Jon Pastor",
  title =        "Book reviews: {{\em Anatomy of a Typeface}, by
                 Alexander Lawson}",
  journal =      j-SERIF,
  volume =       "1",
  pages =        "65--66",
  month =        "Fall",
  year =         "1994",
  ISSN =         "1080-2207",
  bibdate =      "Mon Nov 13 16:54:29 1995",
  bibsource =    "http://www.math.utah.edu/pub/tex/bib/serif.bib",
  acknowledgement = ack-nhfb,
}

@Article{Ricker:1994:BRH,
  author =       "William Ricker",
  title =        "Book reviews: {{\em How Typography Works}, by Fernand
                 Baudin}",
  journal =      j-SERIF,
  volume =       "1",
  pages =        "66--66",
  month =        "Fall",
  year =         "1994",
  ISSN =         "1080-2207",
  bibdate =      "Mon Nov 13 16:54:29 1995",
  bibsource =    "http://www.math.utah.edu/pub/tex/bib/serif.bib",
  acknowledgement = ack-nhfb,
}

@Article{Hosek:1994:E,
  author =       "D. A. Hosek",
  title =        "Endpapers",
  journal =      j-SERIF,
  volume =       "1",
  pages =        "68--68",
  month =        "Fall",
  year =         "1994",
  ISSN =         "1080-2207",
  bibdate =      "Mon Nov 13 16:54:29 1995",
  bibsource =    "http://www.math.utah.edu/pub/tex/bib/serif.bib",
  acknowledgement = ack-nhfb,
}

@Article{Anonymous:1995:NFM,
  author =       "Anonymous",
  title =        "New faces: {Monotype Bulmer -- Hairspray -- Handsome
                 -- Schneidler Initials}",
  journal =      j-SERIF,
  volume =       "2",
  pages =        "7--9",
  month =        "Winter",
  year =         "1995",
  ISSN =         "1080-2207",
  bibdate =      "Mon Nov 13 16:54:29 1995",
  bibsource =    "http://www.math.utah.edu/pub/tex/bib/serif.bib",
  acknowledgement = ack-nhfb,
}

@Article{Anonymous:1995:BNR,
  author =       "Anonymous",
  title =        "Briefly Noted: {The return of ATF -- ATypI '94 --
                 Recent publications -- Type on the information
                 superhighway -- The death of the floppy? -- News from
                 the Goudy International Center}",
  journal =      j-SERIF,
  volume =       "2",
  pages =        "10--13",
  month =        "Winter",
  year =         "1995",
  ISSN =         "1080-2207",
  bibdate =      "Mon Nov 13 16:54:29 1995",
  bibsource =    "http://www.math.utah.edu/pub/tex/bib/serif.bib",
  acknowledgement = ack-nhfb,
}

@Article{Bringhurst:1995:HIH,
  author =       "Robert Bringhurst",
  title =        "Holding ideas in the hand: The physics \& metaphysics
                 of renaissance letterforms",
  journal =      j-SERIF,
  volume =       "2",
  pages =        "15--24",
  month =        "Winter",
  year =         "1995",
  ISSN =         "1080-2207",
  bibdate =      "Mon Nov 13 16:54:29 1995",
  bibsource =    "http://www.math.utah.edu/pub/tex/bib/serif.bib",
  note =         "A look at the first roman and italic typefaces, in the
                 {\em Montane}, {\em Humanist\/} and {\em Mannerist\/}
                 genera. Second in a continuing series.",
  acknowledgement = ack-nhfb,
}

@Article{Duensing:1995:MTW,
  author =       "Paul Hayden Duensing",
  title =        "Metal type: {Whither} or wither? {A} look at the state
                 of letterpress printing in 1994",
  journal =      j-SERIF,
  volume =       "2",
  pages =        "25--27",
  month =        "Winter",
  year =         "1995",
  ISSN =         "1080-2207",
  bibdate =      "Mon Nov 13 16:54:29 1995",
  bibsource =    "http://www.math.utah.edu/pub/tex/bib/serif.bib",
  note =         "A look at the current state of letterpress printing
                 along with a list of current suppliers of metal type.",
  acknowledgement = ack-nhfb,
}

@Article{Johnston:1995:TCT,
  author =       "Alastair Johnston",
  title =        "Two centuries of type \& technology",
  journal =      j-SERIF,
  volume =       "2",
  pages =        "28--31",
  month =        "Winter",
  year =         "1995",
  ISSN =         "1080-2207",
  bibdate =      "Mon Nov 13 16:54:29 1995",
  bibsource =    "http://www.math.utah.edu/pub/tex/bib/serif.bib",
  note =         "A look back at bad taste in typography---it's nothing
                 new.",
  acknowledgement = ack-nhfb,
}

@Article{Hosek:1995:CCT,
  author =       "D. A. Hosek",
  title =        "A Conversation with {Carol Twombly}",
  journal =      j-SERIF,
  volume =       "2",
  pages =        "32--40",
  month =        "Winter",
  year =         "1995",
  ISSN =         "1080-2207",
  bibdate =      "Mon Nov 13 09:13:19 1995",
  bibsource =    "http://www.math.utah.edu/pub/tex/bib/serif.bib",
  note =         "A conversation with a type designer whose designs are
                 seen everywhere and who was recently awarded the Prix
                 Charles Peignot.",
  acknowledgement = ack-nhfb,
}

@Article{Saxe:1995:MAT,
  author =       "Stephen O. Saxe",
  title =        "More about type specimens",
  journal =      j-SERIF,
  volume =       "2",
  pages =        "42--44",
  month =        "Winter",
  year =         "1995",
  ISSN =         "1080-2207",
  bibdate =      "Mon Nov 13 16:54:29 1995",
  bibsource =    "http://www.math.utah.edu/pub/tex/bib/serif.bib",
  note =         "A look at three noteworthy type specimen books.",
  acknowledgement = ack-nhfb,
}

@Article{Priven:1995:TTA,
  author =       "Aaron Priven",
  title =        "The times they are a-changing (Apologies to {Mr.
                 Zimmerman})",
  journal =      j-SERIF,
  volume =       "2",
  pages =        "45--45",
  month =        "Winter",
  year =         "1995",
  ISSN =         "1080-2207",
  bibdate =      "Mon Nov 13 16:54:29 1995",
  bibsource =    "http://www.math.utah.edu/pub/tex/bib/serif.bib",
  note =         "A {\em song\/} about the new generation of type
                 designers.",
  acknowledgement = ack-nhfb,
}

@Article{Beaujon:1995:B,
  author =       "Beatrice Beaujon",
  title =        "In the beginning",
  journal =      j-SERIF,
  volume =       "2",
  pages =        "46--51",
  month =        "Winter",
  year =         "1995",
  ISSN =         "1080-2207",
  bibdate =      "Mon Nov 13 16:54:29 1995",
  bibsource =    "http://www.math.utah.edu/pub/tex/bib/serif.bib",
  note =         "A look at the use of initials in text showing the best
                 way to work with both plain and decorated initials.",
  acknowledgement = ack-nhfb,
}

@Article{Hosek:1995:AP,
  author =       "D. A. Hosek",
  title =        "Adobe Poetica",
  journal =      j-SERIF,
  volume =       "2",
  pages =        "52--53",
  month =        "Winter",
  year =         "1995",
  ISSN =         "1080-2207",
  bibdate =      "Mon Nov 13 16:54:29 1995",
  bibsource =    "http://www.math.utah.edu/pub/tex/bib/serif.bib",
  note =         "A review of Robert Slimbach's Poetica.",
  acknowledgement = ack-nhfb,
}

@Article{Lange:1995:GDG,
  author =       "Gerald Lange",
  title =        "{Gal{\'a}pagos Design Group}: Too much fashion---not
                 enough vision",
  journal =      j-SERIF,
  volume =       "2",
  pages =        "54--57",
  month =        "Winter",
  year =         "1995",
  ISSN =         "1080-2207",
  bibdate =      "Mon Nov 13 16:54:29 1995",
  bibsource =    "http://www.math.utah.edu/pub/tex/bib/serif.bib",
  note =         "A look at the output of the newest Bitstream
                 spin-off.",
  acknowledgement = ack-nhfb,
}

@Article{Hosek:1995:CTSa,
  author =       "D. A. Hosek",
  title =        "Contemporary Type Specimen Books: {{\em M\&H Type
                 Catalogue}}",
  journal =      j-SERIF,
  volume =       "2",
  pages =        "58--59",
  month =        "Winter",
  year =         "1995",
  ISSN =         "1080-2207",
  bibdate =      "Mon Nov 13 16:54:29 1995",
  bibsource =    "http://www.math.utah.edu/pub/tex/bib/serif.bib",
  acknowledgement = ack-nhfb,
}

@Article{Hosek:1995:CTSb,
  author =       "D. A. Hosek",
  title =        "Contemporary Type Specimen Books: {{\em American Metal
                 Typefaces of the Twentieth Century}, by Mac McGrew}",
  journal =      j-SERIF,
  volume =       "2",
  pages =        "59, 61",
  month =        "Fall",
  year =         "1995",
  ISSN =         "1080-2207",
  bibdate =      "Mon Nov 13 16:54:29 1995",
  bibsource =    "http://www.math.utah.edu/pub/tex/bib/serif.bib",
  acknowledgement = ack-nhfb,
}

@Article{Hosek:1995:CTSc,
  author =       "D. A. Hosek",
  title =        "Contemporary Type Specimen Books: {{\em Adobe Type
                 Specimen Books}}",
  journal =      j-SERIF,
  volume =       "2",
  pages =        "61--62",
  month =        "Fall",
  year =         "1995",
  ISSN =         "1080-2207",
  bibdate =      "Mon Nov 13 16:54:29 1995",
  bibsource =    "http://www.math.utah.edu/pub/tex/bib/serif.bib",
  acknowledgement = ack-nhfb,
}

@Article{Hosek:1995:CTSd,
  author =       "D. A. Hosek",
  title =        "Contemporary Type Specimen Books: {{\em An Atlas of
                 Typeforms}, by James Sutton and Alan Bartram}",
  journal =      j-SERIF,
  volume =       "2",
  pages =        "62--63",
  month =        "Fall",
  year =         "1995",
  ISSN =         "1080-2207",
  bibdate =      "Mon Nov 13 16:54:29 1995",
  bibsource =    "http://www.math.utah.edu/pub/tex/bib/serif.bib",
  acknowledgement = ack-nhfb,
}

@Article{Hosek:1995:E,
  author =       "D. A. Hosek",
  title =        "Endpapers",
  journal =      j-SERIF,
  volume =       "2",
  pages =        "64--64",
  month =        "Fall",
  year =         "1995",
  ISSN =         "1080-2207",
  bibdate =      "Mon Nov 13 16:54:29 1995",
  bibsource =    "http://www.math.utah.edu/pub/tex/bib/serif.bib",
  acknowledgement = ack-nhfb,
}

%%% NB: Volume 3 is in the mail, but has not yet arrived at this
%%% author's site, so the page numbers and authorship are subject
%%% to update shortly.
%%% [18-Aug-1998] Volume 3 has never arrived, and is now out of print,
%%% so the page numbers cannot be fixed at this author's site.

@Article{Anonymous:1995:NFC,
  author =       "Anonymous",
  title =        "New faces: {Copal -- FF Instanter -- Magneto --
                 Neonstream -- Raceway -- Rocket}",
  journal =      j-SERIF,
  volume =       "3",
  pages =        "",
  month =        "Summer",
  year =         "1995",
  ISSN =         "1080-2207",
  bibdate =      "Mon Nov 13 16:54:29 1995",
  bibsource =    "http://www.math.utah.edu/pub/tex/bib/serif.bib",
  acknowledgement = ack-nhfb,
}

@Article{Anonymous:1995:BNW,
  author =       "Anonymous",
  title =        "Briefly Noted: {Walter Tracy -- Toronto font party --
                 Subiaco revival -- Catalogs from Font Bureau and
                 Precision Type -- Bitstream lawsuit -- Type on the
                 information superhighway redux -- Carl Herzog award --
                 ATypI '95 -- FUSE '95}",
  journal =      j-SERIF,
  volume =       "3",
  pages =        "",
  month =        "Summer",
  year =         "1995",
  ISSN =         "1080-2207",
  bibdate =      "Mon Nov 13 16:54:29 1995",
  bibsource =    "http://www.math.utah.edu/pub/tex/bib/serif.bib",
  note =         "",
  acknowledgement = ack-nhfb,
}

@Article{Hosek:1995:WC,
  author =       "D. A. Hosek",
  title =        "Which {Caslon?}",
  journal =      j-SERIF,
  volume =       "3",
  pages =        "",
  month =        "Summer",
  year =         "1995",
  ISSN =         "1080-2207",
  bibdate =      "Mon Nov 13 16:54:29 1995",
  bibsource =    "http://www.math.utah.edu/pub/tex/bib/serif.bib",
  note =         "A comparison of eight different digital Caslons and
                 their suitability to different tasks.",
  acknowledgement = ack-nhfb,
}

@Article{Bringhurst:1995:PIS,
  author =       "Robert Bringhurst",
  title =        "Painting with ink \& steel: The roman \& italic types
                 of the baroque age",
  journal =      j-SERIF,
  volume =       "3",
  pages =        "",
  month =        "Summer",
  year =         "1995",
  ISSN =         "1080-2207",
  bibdate =      "Mon Nov 13 16:54:29 1995",
  bibsource =    "http://www.math.utah.edu/pub/tex/bib/serif.bib",
  note =         "An examination of the cultural context of the letters
                 of the great baroque typographers including Jannon,
                 Kis, Van Dijck and Caslon.",
  acknowledgement = ack-nhfb,
}

@Article{Long:1995:DKL,
  author =       "Robert Long",
  title =        "{David Kindersley}: In love with letters",
  journal =      j-SERIF,
  volume =       "3",
  pages =        "",
  month =        "Summer",
  year =         "1995",
  ISSN =         "1080-2207",
  bibdate =      "Mon Nov 13 16:54:29 1995",
  bibsource =    "http://www.math.utah.edu/pub/tex/bib/serif.bib",
  note =         "A look at an artist whose lettering work has had
                 perhaps less influence on typography than it should
                 have.",
  acknowledgement = ack-nhfb,
}

@Article{Lubell:1995:TSF,
  author =       "Stephen Lubell",
  title =        "On typographic style: {A} few thoughts on legibility,
                 readability and typographic tradition",
  journal =      j-SERIF,
  volume =       "3",
  pages =        "",
  month =        "Summer",
  year =         "1995",
  ISSN =         "1080-2207",
  bibdate =      "Mon Nov 13 16:54:29 1995",
  bibsource =    "http://www.math.utah.edu/pub/tex/bib/serif.bib",
  note =         "What makes for good typographic design? Lubell asks
                 the questions and comes up with some answers.",
  acknowledgement = ack-nhfb,
}

@Article{Hosek:1995:FLA,
  author =       "D. A. Hosek",
  title =        "{O}: The fifteenth letter of the alphabet",
  journal =      j-SERIF,
  volume =       "3",
  pages =        "",
  month =        "Summer",
  year =         "1995",
  ISSN =         "1080-2207",
  bibdate =      "Mon Nov 13 16:54:29 1995",
  bibsource =    "http://www.math.utah.edu/pub/tex/bib/serif.bib",
  note =         "",
  acknowledgement = ack-nhfb,
}

@Article{Barrett:1995:CCG,
  author =       "Bonnie Barrett",
  title =        "{Callifonts}: Can a good font be made in two weeks?",
  journal =      j-SERIF,
  volume =       "3",
  pages =        "",
  month =        "Summer",
  year =         "1995",
  ISSN =         "1080-2207",
  bibdate =      "Mon Nov 13 16:54:29 1995",
  bibsource =    "http://www.math.utah.edu/pub/tex/bib/serif.bib",
  note =         "Barrett takes a hard look at the quality of the types
                 in this broad and inexpensive collection.",
  acknowledgement = ack-nhfb,
}

@Article{Anonymous:1995:T,
  author =       "Anonymous",
  title =        "Technology",
  journal =      j-SERIF,
  volume =       "3",
  pages =        "",
  month =        "Summer",
  year =         "1995",
  ISSN =         "1080-2207",
  bibdate =      "Mon Nov 13 16:54:29 1995",
  bibsource =    "http://www.math.utah.edu/pub/tex/bib/serif.bib",
  note =         "Berthold's Diamond CD",
  acknowledgement = ack-nhfb,
}

@Article{Anonymous:1995:BRF,
  author =       "Anonymous",
  title =        "Book reviews: {{\em Fleischmann on Punchcutting}}",
  journal =      j-SERIF,
  volume =       "3",
  pages =        "",
  month =        "Summer",
  year =         "1995",
  ISSN =         "1080-2207",
  bibdate =      "Mon Nov 13 16:54:29 1995",
  bibsource =    "http://www.math.utah.edu/pub/tex/bib/serif.bib",
  note =         "",
  acknowledgement = ack-nhfb,
}

@Article{Anonymous:1995:BRT,
  author =       "Anonymous",
  title =        "Book reviews: {{\em Twentieth Century Type
                 Designers}}",
  journal =      j-SERIF,
  volume =       "3",
  pages =        "",
  month =        "Summer",
  year =         "1995",
  ISSN =         "1080-2207",
  bibdate =      "Mon Nov 13 16:54:29 1995",
  bibsource =    "http://www.math.utah.edu/pub/tex/bib/serif.bib",
  note =         "",
  acknowledgement = ack-nhfb,
}

@Article{Anonymous:1995:BRL,
  author =       "Anonymous",
  title =        "Book reviews: {{\em Letters of Credit}}",
  journal =      j-SERIF,
  volume =       "3",
  pages =        "",
  month =        "Summer",
  year =         "1995",
  ISSN =         "1080-2207",
  bibdate =      "Mon Nov 13 16:54:29 1995",
  bibsource =    "http://www.math.utah.edu/pub/tex/bib/serif.bib",
  note =         "",
  acknowledgement = ack-nhfb,
}

@Article{Anonymous:1996:NFA,
  author =       "Anonymous",
  title =        "New faces: {Aries FH} --- {Borek} --- {Civilit{\'e}
                 MJ} --- {Duckling} --- {Jecho Techo One} ---
                 {Kalendar}",
  journal =      j-SERIF,
  volume =       "4",
  pages =        "8--11",
  month =        "Spring",
  year =         "1996",
  ISSN =         "1080-2207",
  bibdate =      "Thu Mar 28 08:16:33 1996",
  bibsource =    "http://www.math.utah.edu/pub/tex/bib/serif.bib",
  acknowledgement = ack-nhfb,
}

@Article{Anonymous:1996:BNT,
  author =       "Anonymous",
  title =        "Briefly Noted: Typographic symposium and exposition
                 --- {FontHaus}, {A} {Monotype} Company? --- The new
                 x-height --- New {Monotype} {CD} --- {ITC} expansion
                 --- {Aldo Novarese} -- {Monotype University} ---
                 {Typographic Circle} debate --- {ATypI} '95 --- The
                 return of the bitmap",
  journal =      j-SERIF,
  volume =       "4",
  pages =        "12--15",
  month =        "Spring",
  year =         "1996",
  ISSN =         "1080-2207",
  bibdate =      "Thu Mar 28 08:16:33 1996",
  bibsource =    "http://www.math.utah.edu/pub/tex/bib/serif.bib",
  acknowledgement = ack-nhfb,
}

@Article{Hosek:1996:W,
  author =       "D. A. Hosek",
  title =        "{Wessex}: {A} look at a book face designed by {Matthew
                 Butterick}",
  journal =      j-SERIF,
  volume =       "4",
  pages =        "16--17",
  month =        "Spring",
  year =         "1996",
  ISSN =         "1080-2207",
  bibdate =      "Thu Mar 28 08:16:33 1996",
  bibsource =    "http://www.math.utah.edu/pub/tex/bib/serif.bib",
  acknowledgement = ack-nhfb,
}

@Article{Bringhurst:1996:IHP,
  author =       "Robert Bringhurst",
  title =        "The Invisible Hand Part One: Neoclassical Letterforms:
                 An examination of the development of the neoclassical
                 letterforms of such designers as {Baskerville}, {Bell}
                 and {Fournier}",
  journal =      j-SERIF,
  volume =       "4",
  pages =        "19--29",
  month =        "Spring",
  year =         "1996",
  ISSN =         "1080-2207",
  bibdate =      "Thu Mar 28 08:16:33 1996",
  bibsource =    "http://www.math.utah.edu/pub/tex/bib/serif.bib",
  acknowledgement = ack-nhfb,
}

@Article{Anonymous:1996:TDC,
  author =       "Anonymous",
  title =        "1996 Typographic Design Competition: Information about
                 entering the competition",
  journal =      j-SERIF,
  volume =       "4",
  pages =        "30--31",
  month =        "Spring",
  year =         "1996",
  ISSN =         "1080-2207",
  bibdate =      "Thu Mar 28 08:16:33 1996",
  bibsource =    "http://www.math.utah.edu/pub/tex/bib/serif.bib",
  acknowledgement = ack-nhfb,
}

@Article{Anonymous:1996:CCS,
  author =       "Anonymous",
  title =        "A Conversation with {Carlos Segura}: We discuss grunge
                 typography, typographic collage, readability and
                 originality with {Carlos Segura}",
  journal =      j-SERIF,
  volume =       "4",
  pages =        "32--40",
  month =        "Spring",
  year =         "1996",
  ISSN =         "1080-2207",
  bibdate =      "Thu Mar 28 08:16:33 1996",
  bibsource =    "http://www.math.utah.edu/pub/tex/bib/serif.bib",
  acknowledgement = ack-nhfb,
}

@Article{Rehak:1996:HGL,
  author =       "Theo Rehak",
  title =        "A Hitchhiker's Guide to Letterpress in the
                 Twenty-first Century: An overview of methods for
                 creating type for letterpress printing",
  journal =      j-SERIF,
  volume =       "4",
  pages =        "42--45",
  month =        "Spring",
  year =         "1996",
  ISSN =         "1080-2207",
  bibdate =      "Thu Mar 28 08:16:33 1996",
  bibsource =    "http://www.math.utah.edu/pub/tex/bib/serif.bib",
  acknowledgement = ack-nhfb,
}

@Article{Beaujon:1996:DLP,
  author =       "Beatrice Beaujon",
  title =        "Designing for Letter Paper: Dealing with the design
                 challenges of the 8.5 by 11 sheet of paper",
  journal =      j-SERIF,
  volume =       "4",
  pages =        "46--51",
  month =        "Spring",
  year =         "1996",
  ISSN =         "1080-2207",
  bibdate =      "Thu Mar 28 08:16:33 1996",
  bibsource =    "http://www.math.utah.edu/pub/tex/bib/serif.bib",
  acknowledgement = ack-nhfb,
}

@Article{Schwartz:1996:HIT,
  author =       "Christian Schwartz",
  title =        "House Industries: There Goes the Neighborhood: {A}
                 look at a foundry producing grunge typography with a
                 style of its own",
  journal =      j-SERIF,
  volume =       "4",
  pages =        "53--57",
  month =        "Spring",
  year =         "1996",
  ISSN =         "1080-2207",
  bibdate =      "Thu Mar 28 08:16:33 1996",
  bibsource =    "http://www.math.utah.edu/pub/tex/bib/serif.bib",
  acknowledgement = ack-nhfb,
}

@Article{Hosek:1996:TIT,
  author =       "D. A. Hosek",
  title =        "Technology: International Typefounders {CD}",
  journal =      j-SERIF,
  volume =       "4",
  pages =        "58--59",
  month =        "Spring",
  year =         "1996",
  ISSN =         "1080-2207",
  bibdate =      "Thu Mar 28 08:16:33 1996",
  bibsource =    "http://www.math.utah.edu/pub/tex/bib/serif.bib",
  acknowledgement = ack-nhfb,
}

@Article{Anonymous:1996:BRF,
  author =       "D. A. Hosek",
  title =        "Book reviews: {Finer Points in the Spacing \&
                 Arrangement of Type -- The Form of the Book: Essays on
                 the Morality of Good Design -- The Art of Typography:
                 An Introduction to Typo.icon.ography}",
  journal =      j-SERIF,
  volume =       "4",
  pages =        "60--62",
  month =        "Spring",
  year =         "1996",
  ISSN =         "1080-2207",
  bibdate =      "Thu Mar 28 08:16:33 1996",
  bibsource =    "http://www.math.utah.edu/pub/tex/bib/serif.bib",
  acknowledgement = ack-nhfb,
}

@Article{Hosek:1996:E,
  author =       "D. A. Hosek",
  title =        "Endpapers",
  journal =      j-SERIF,
  volume =       "4",
  pages =        "64--64",
  month =        "Spring",
  year =         "1996",
  ISSN =         "1080-2207",
  bibdate =      "Thu Mar 28 08:37:33 1996",
  bibsource =    "http://www.math.utah.edu/pub/tex/bib/serif.bib",
  acknowledgement = ack-nhfb,
}

%%% Issue 5 never arrived in my mailbox, sigh...

@Article{Wilmut:1998:LRC,
  author =       "Sean Wilmut and Lindsay Rollo",
  title =        "Letters: Reader Comments; On Readability",
  journal =      j-SERIF,
  volume =       "6",
  pages =        "4--4",
  month =        "Spring",
  year =         "1998",
  ISSN =         "1080-2207",
  bibdate =      "Tue Aug 18 14:25:18 1998",
  bibsource =    "http://www.math.utah.edu/pub/tex/bib/serif.bib",
  acknowledgement = ack-nhfb,
}

@Article{Anonymous:1998:NFB,
  author =       "Anonymous",
  title =        "New Faces: {Beata, Cresci, Donatello, Ghiberti,
                 Pietra, Pontif, Simona}",
  journal =      j-SERIF,
  volume =       "6",
  pages =        "5--8",
  month =        "Spring",
  year =         "1998",
  ISSN =         "1080-2207",
  bibdate =      "Tue Aug 18 14:25:18 1998",
  bibsource =    "http://www.math.utah.edu/pub/tex/bib/serif.bib",
  acknowledgement = ack-nhfb,
}

@Article{Bruton:1998:BNA,
  author =       "Clive Bruton and Rod McDonald",
  title =        "Briefly Noted: {ATypI Conference: 23--25 October 1998,
                 Lyon France; TypeCon 98: 30 October--1 November 1998,
                 Westborough, Massachusetts; Alphabets, Inc.
                 Restructures; Adobe WebType; Microsoft OpenType Font
                 Jamboree; 1997 ATypI Conference, University of
                 Reading}",
  journal =      j-SERIF,
  volume =       "6",
  pages =        "9-",
  month =        "Spring",
  year =         "1998",
  ISSN =         "1080-2207",
  bibdate =      "Tue Aug 18 14:25:18 1998",
  bibsource =    "http://www.math.utah.edu/pub/tex/bib/serif.bib",
  acknowledgement = ack-nhfb,
}

@Article{Frascara:1998:DEL,
  author =       "Jorge Frascara",
  title =        "Design Education from Lettering to Human Interaction",
  journal =      j-SERIF,
  volume =       "6",
  pages =        "15--17",
  month =        "Spring",
  year =         "1998",
  ISSN =         "1080-2207",
  bibdate =      "Tue Aug 18 14:25:18 1998",
  bibsource =    "http://www.math.utah.edu/pub/tex/bib/serif.bib",
  acknowledgement = ack-nhfb,
}

@Article{Haley:1998:CCH,
  author =       "Allan Haley",
  title =        "Cool Cash for Hot Fonts",
  journal =      j-SERIF,
  volume =       "6",
  pages =        "19--22, 55",
  month =        "Spring",
  year =         "1998",
  ISSN =         "1080-2207",
  bibdate =      "Tue Aug 18 14:25:18 1998",
  bibsource =    "http://www.math.utah.edu/pub/tex/bib/serif.bib",
  acknowledgement = ack-nhfb,
}

@Article{Porchez:1998:H,
  author =       "Jean-Fran{\c{c}}ois Porchez",
  title =        "Horizontalit{\'e}",
  journal =      j-SERIF,
  volume =       "6",
  pages =        "24--31",
  month =        "Spring",
  year =         "1998",
  ISSN =         "1080-2207",
  bibdate =      "Tue Aug 18 14:25:18 1998",
  bibsource =    "http://www.math.utah.edu/pub/tex/bib/serif.bib",
  acknowledgement = ack-nhfb,
}

@Article{Hunziker:1998:TWA,
  author =       "Hans-Jurg Hunziker",
  title =        "The Typographic Work of {Adrian Frutiger}",
  journal =      j-SERIF,
  volume =       "6",
  pages =        "32--43",
  month =        "Spring",
  year =         "1998",
  ISSN =         "1080-2207",
  bibdate =      "Tue Aug 18 14:25:18 1998",
  bibsource =    "http://www.math.utah.edu/pub/tex/bib/serif.bib",
  acknowledgement = ack-nhfb,
}

@Article{Keedy:1998:TC,
  author =       "Jeffery Keedy",
  title =        "A Type of Change",
  journal =      j-SERIF,
  volume =       "6",
  pages =        "44--48, 50--51, 55",
  month =        "Spring",
  year =         "1998",
  ISSN =         "1080-2207",
  bibdate =      "Tue Aug 18 14:25:18 1998",
  bibsource =    "http://www.math.utah.edu/pub/tex/bib/serif.bib",
  acknowledgement = ack-nhfb,
}

@Article{VanBlokland:1998:ST,
  author =       "Erik {Van Blokland}",
  title =        "The Supermarket Theory",
  journal =      j-SERIF,
  volume =       "6",
  pages =        "52--55",
  month =        "Spring",
  year =         "1998",
  ISSN =         "1080-2207",
  bibdate =      "Tue Aug 18 14:25:18 1998",
  bibsource =    "http://www.math.utah.edu/pub/tex/bib/serif.bib",
  acknowledgement = ack-nhfb,
}

@Article{Hosek:1998:E,
  author =       "D. A. Hosek",
  title =        "Endpapers",
  journal =      j-SERIF,
  volume =       "6",
  pages =        "56--56",
  month =        "Spring",
  year =         "1998",
  ISSN =         "1080-2207",
  bibdate =      "Tue Aug 18 14:25:18 1998",
  bibsource =    "http://www.math.utah.edu/pub/tex/bib/serif.bib",
  acknowledgement = ack-nhfb,
}
